@article{44843,
title = {Borg, Omega, and Kubernetes},
author  = {Brendan Burns and Brian Grant and David Oppenheimer and Eric Brewer and John Wilkes},
year  = {2016},
URL = {http://queue.acm.org/detail.cfm?id=2898444},
journal = {ACM Queue},
pages = {70--93},
volume  = {14}
}

@misc{bosh,
url={https://www.vmware.com/content/dam/digitalmarketing/vmware/en/pdf/cloud/VMW_17Q3_WP_Introduction-to-BOSH_FINAL_080817.pdf},
journal={Vmware.com},
year={2018}4
},

@misc{noderepair,
url={https://cloud.google.com/kubernetes-engine/docs/concepts/node-auto-repair},
journal={Google Cloud},
year={2018}
}

@misc{nodeprob,
url={https://github.com/kubernetes/node-problem-detector},
journal={GitHub},
year={2018}
}

@misc{kubevirt,
url={https://github.com/kubevirt/kubevirt},
journal={GitHub},
year={2018}
},

@misc{libvirt,
url={https://libvirt.org/},
journal={Libvirt.org},
year={2018}
}

@misc{pks,
url={https://pivotal.io/platform/pivotal-container-service},
journal={Pivotal.io},
year={2018}
}

@misc{kubo,
url={https://github.com/cloudfoundry-incubator/kubo-deployment},
journal={GitHub},
year={2018}
}